@book{gsl,
  title={GNU scientific library reference manual},
  author={Gough, Brian},
  year={2009},
  publisher={Network Theory Ltd.}
}

@inproceedings{johnson,
  title={Resonant open ended coaxial line sensor for measuring complex permittivity},
  author={Johnson, RH and Green, JL and Robinson, MP and Preece, AW and Clarke, RN},
  booktitle={Science, Measurement and Technology, IEE Proceedings A},
  volume={139},
  number={5},
  pages={261--264},
  year={1992},
  organization={IET}
}

@techreport {keysight3,
	institution = "Keysight Technologies",
    title  = "{Basics of Measuring the Dielectric Properties of Materials}",
    type        = "Application Note"
}

@techreport {keysight2,
	institution = "Keysight Technologies",
    title  = "{Keysight N1501A Dielectric Probe Kit 10 MHz to 50 GHz}",
    type        = "Technical Overview"
}

@techreport{keysight,
    title       = "{Keysight N1500A Materials Measurement Suite}",
    institution = "Keysight Technologies",
    type        = "Technical Overview"
}

@article{kajfez,
  title={Q factor measurements, analog and digital},
  author={Kajfez, Darko},
  journal={University of Mississippi Dept. of EE},
  url={{https://engineering.olemiss.edu/~eedarko/experience/rfqmeas2b.pdf}},
  year={1999},
  publisher={Citeseer},
}

@book{pozar,
  title={Microwave Engineering, 4th Edition},
  author={Pozar, D.M.},
  isbn={9781118213636},
  year={2011},
  publisher={Wiley}
}


@book{press,
  title={Numerical Recipes 3rd Edition: The Art of Scientific Computing},
  author={Press, W.H.},
  isbn={9780521880688},
  lccn={89015841},
  year={2007},
  publisher={Cambridge University Press}
}

@article{levine,
  title={Theory of the circular diffraction antenna},
  author={Levine, Harold and Papas, Charles H},
  journal={Journal of applied physics},
  volume={22},
  number={1},
  pages={29--43},
  year={1951},
  publisher={AIP Publishing}
}

@book{marcuvitz,
  title={Waveguide Handbook, Radiation Laboratory Series, Vol. 10},
  author={Marcuvitz, N},
  year={1951},
  publisher={McGraw-Hill, New York}
}

@book{NPL,
  title={Guide to Characterisation of Dielectric Materials at RF Microwave Frequencies},
  editor={Clarke, RN},
  isbn={9780904457384},
  year={2003},
  publisher={National Physical Laboratory}
}

@book{MAT23,
  title={Tables of the complex permittivity of dielectric reference liquids at frequencies up to 5 GHz},
  author={Gregory, Andrew P and Clarke, RN},
  year={2001},
  publisher={National Physical Laboratory Teddington, UK}
}

@ARTICLE{mosig,
author={J. R. Mosig and J. C. E. Besson and M. Gex-Fabry and F. E. Gardiol},
journal={IEEE Transactions on Instrumentation and Measurement},
title={Reflection of an open-ended coaxial line and application to nondestructive measurement of materials},
year={1981},
volume={IM-30},
number={1},
pages={46-51},
keywords={coaxial cables;microwave reflectometry;nondestructive testing;transmission line theory;NDT;TEM mode;microwave reflection measurement;microwave reflectometry;open-ended coaxial line;Apertures;Dielectrics;Electromagnetic waveguides;Materials;Permittivity;Reflection;TV},
doi={10.1109/TIM.1981.6312437},
ISSN={0018-9456},
month={Mar},}

@ARTICLE{bakerjarvis,
author={J. Baker-Jarvis and M. D. Janezic and P. D. Domich and R. G. Geyer},
journal={IEEE Transactions on Instrumentation and Measurement},
title={Analysis of an open-ended coaxial probe with lift-off for nondestructive testing},
year={1994},
volume={43},
number={5},
pages={711-718},
keywords={Bessel functions;coaxial cables;dielectric measurement;electric fields;electric sensing devices;nondestructive testing;numerical analysis;probes;transforms;coaxial line;coaxial line size;dielectric materials;differential uncertainty analysis;field equations;full-wave analysis;lift-off;magnetic materials;nondestructive testing;open-ended coaxial probe;permeability;permittivity;positive axial direction;reflection coefficient;short-circuit termination;uncertainty analysis;Coaxial components;Dielectric materials;Equations;Frequency;Magnetic materials;Nondestructive testing;Permittivity;Probes;Reflection;Uncertainty},
doi={10.1109/19.328897},
ISSN={0018-9456},
month={Oct},}

@ARTICLE{bakhtiari,
author={S. Bakhtiari and S. I. Ganchev and R. Zoughi},
journal={IEEE Transactions on Microwave Theory and Techniques},
title={Analysis of radiation from an open-ended coaxial line into stratified dielectrics},
year={1994},
volume={42},
number={7},
pages={1261-1267},
keywords={coaxial cables;dielectric measurement;electric admittance;electric sensing devices;microwave measurement;nondestructive testing;transmission line theory;N-layer dielectric medium;aperture admittance formulation;coaxial transmission line;conducting sheet;fundamental TEM mode;materials testing;nondestructive evaluation;open-ended coaxial line;radiation analysis;stratified dielectrics;terminating admittance;two-layer dielectric composite;Admittance;Apertures;Coaxial components;Conducting materials;Dielectric losses;Dielectric materials;Nonhomogeneous media;Power transmission lines;Sheet materials;Transmission line theory},
doi={10.1109/22.299765},
ISSN={0018-9480},
month={Jul},}

@ARTICLE{mcallister,
author={M. W. McAllister and S. A. Long and G. L. Conway},
journal={Electronics Letters},
title={Rectangular dielectric resonator antenna},
year={1983},
volume={19},
number={6},
pages={218-219},
keywords={antenna radiation patterns;dielectric-loaded antennas;resonators;effects of feed probe length variations;impedances;radiation patterns;rectangular dielectric resonator antenna;resonant rectangular parallelepiped dielectric},
doi={10.1049/el:19830150},
ISSN={0013-5194},
month={March},}

@ARTICLE{blackham,
author={D. V. Blackham and R. D. Pollard},
journal={IEEE Transactions on Instrumentation and Measurement},
title={An improved technique for permittivity measurements using a coaxial probe},
year={1997},
volume={46},
number={5},
pages={1093-1099},
keywords={calibration;curve fitting;measurement errors;microwave measurement;moisture measurement;network analysers;permittivity measurement;curve fitting techniques;error correction;fructose solutions;network analyzer;open-ended coaxial probe;percent dissolved solids;permittivity measurements;Apertures;Coaxial components;Conductors;Eigenvalues and eigenfunctions;Frequency;Magnetic analysis;Permittivity measurement;Probes;Reflection;Solids},
doi={10.1109/19.676718},
ISSN={0018-9456},
month={Oct},}

@ARTICLE{coakley,
author={K. J. Coakley and J. D. Splett and M. D. Janezic and R. F. Kaiser},
journal={IEEE Transactions on Microwave Theory and Techniques},
title={Estimation of {Q-factors} and resonant frequencies},
year={2003},
volume={51},
number={3},
pages={862-868},
keywords={Q-factor;S-parameters;cavity resonators;least squares approximations;microwave devices;noise;parameter estimation;Q-factor estimation;WLS method;additive noise;asymptotic statistical theory;complex scattering parameter;equally spaced frequency grid;microwave cavity;model parameters;noise characterization;one-sigma uncertainty;quality factor;resonance curve;resonant frequency;weighted least squares method;Additive noise;Estimation theory;Frequency estimation;Frequency measurement;Least squares approximation;Q factor;Resonance;Resonant frequency;Scattering parameters;Yield estimation},
doi={10.1109/TMTT.2003.808578},
ISSN={0018-9480},
month={March},}

@article{knoechel,
  title={Resonant microwave sensors for instantaneous determination of moisture in foodstuffs},
  author={Kn{\"o}chel, R and Daschner, F and Taute, W},
  journal={Food control},
  volume={12},
  number={7},
  pages={447--458},
  year={2001},
  publisher={Elsevier}
}

@article{tn1520,
  title={Dielectric and Conductor-Loss Characterization and Measurements on Electronic Packaging Materials},
  author={Janezic, Michael D and Paulter, NG and Blendell, JE},
  journal={NIST Technical note},
  volume={1520},
  year={2001},
  publisher={Citeseer}
}

@article{kaatze,
  title={Complex permittivity of water as a function of frequency and temperature},
  author={Kaatze, Udo},
  journal={Journal of Chemical and Engineering Data},
  volume={34},
  number={4},
  pages={371--374},
  year={1989},
  publisher={ACS Publications}
}

@book{chen,
  title={Microwave Electronics: Measurement and Materials Characterization},
  author={Chen, L.F. and Ong, C.K. and Neo, C.P. and Varadan, V.V. and Varadan, V.K.},
  isbn={9780470020456},
  year={2004},
  publisher={Wiley}
}

@inbook{dankov,
  title={Microwave and Millimeter Wave Technologies from Photonic Bandgap Devices to Antenna and Applications},
  chapter={4},
  editor={Minin, Igor},
  year={2010},
  publisher={INTECH Open Access Publisher}
}

@book{balanis12,
  title={Antenna Theory: Analysis and Design},
  author={Balanis, C.A.},
  isbn={9781119178989},
  year={2015},
  publisher={Wiley}
}

@book{balanis,
  title={Advanced Engineering Electromagnetics, 2nd Edition},
  author={Balanis, C.A.},
  isbn={9781118213483},
  year={2012},
  publisher={Wiley}
}

@book{hiebel,
  title={Fundamentals of Vector Network Analysis},
  author={Hiebel, M.},
  isbn={9783939837060},
  year={2007},
  publisher={Rohde \& Schwarz}
}

@techreport {zvl,
	institution = "Rohde\&Schwarz",
    title  = "{R\&S\textregistered  ZVL Vector Network Analyzer Specifications}",
    type        = "Datasheet"
}
@book{mdp,
  title={Principles of Microwave Circuits},
  author={Montgomery, C.G. and Dicke, R.H. and Purcell, E.M.},
  isbn={9780863411007},
  lccn={gb87018583},
  series={Electromagnetics and Radar Series},
  year={1948},
  publisher={Institution of Engineering \& Technology}
}

@article{petersan,
  title={Measurement of resonant frequency and quality factor of microwave resonators: Comparison of methods},
  author={Petersan, Paul J and Anlage, Steven M},
  journal={Journal of applied physics},
  volume={84},
  number={6},
  pages={3392--3402},
  year={1998},
  publisher={AIP Publishing}
}

@book{bevington,
  title={Data Reduction and Error Analysis for the Physical Sciences},
  author={Bevington, P.R. and Robinson, D.K.},
  isbn={9780071199261},
  lccn={2002070896},
  series={McGraw-Hill Higher Education},
  year={2003},
  publisher={McGraw-Hill}
}
@inproceedings{estin,
  title={Improvements in dielectric measurements with a resonant cavity},
  author={Estin, Artthur J and Janezic, Michael D},
  booktitle={Instrumentation and Measurement Technology Conference, 1991. IMTC-91. Conference Record., 8th IEEE},
  pages={573--579},
  year={1991},
  organization={IEEE}
}
@PHDTHESIS {janezic,
    author = "Michael Daniel Janezic",
    title  = "Nondestructive Relative Permittivity and Loss Tangent Measurements Using a Split-Cylinder Resonator",
    school = "University of Colorado",
    year   = "2003"
}

@inproceedings{bartley,
  title={Quality factor determination of resonant structures},
  author={Bartley, Philip G and Begley, Shelley B},
  booktitle={2006 IEEE Instrumentation and Measurement Technology Conference Proceedings},
  pages={312--316},
  year={2006},
  organization={IEEE}
}

@article{horn,
	doi = "10.1108/03056121211280431",
	issn = "0305-6120",
	title = "The influence of test method, conductor profile and substrate anisotropy on the permittivity values required for accurate modeling of high frequency planar circuits",
	journal = "Circuit World",
	publisher = "Emerald",
	number = "4",
	volume = "38",
	pages = "219-231",
	author = "Allen F. Horn and Patricia A. LaFrance and John W. Reynolds and John Coonrod",
	year = "2012",
	month = "November",
	day = "16"
}

@STANDARD {tm650,
	title        = "Stripline Test for Permittivity and Loss Tangent (Dielectric Constant and Dissipation Factor) at X-Band",
	organization = "IPC - Association Connecting Electronics Industries",
	institution  = "High Speed/High Frequency Test Methods Subcommittee (D-24)",
	type         = "TM-650 Test Methods Manual",
	number       = "2.5.5.5",
	revision     = "C",
	year         = "1998",
	month        = "March"
}

@article{janezicSPDR,
  title={Split-Post and Split-Cylinder Resonator Techniques: A Comparison of Complex Permittivity Measurement of Dielectric Substrates},
  author={Janezic, Michael D and Krupka, Jerzy},
  journal={Journal of Microelectronics and Electronic Packaging},
  volume={6},
  number={2},
  pages={97--100},
  year={2009},
  publisher={International Microelectronics Assembly and Packaging Society Collection}
}

@inproceedings{krupka,
  title={Measurements of the complex permittivity of microwave circuit board substrates using split dielectric resonator and reentrant cavity techniques},
  author={Krupka, Jerzy and Geyer, Richard G and Baker-Jarvis, J and Ceremuga, J},
  booktitle={Dielectric Materials, Measurements and Applications, Seventh International Conference on (Conf. Publ. No. 430)},
  pages={21--24},
  year={1996},
  organization={IET}
}

@STANDARD {iecSPDR,
    title        = "Test methods for electrical materials, printed boards and other interconnection structures and assemblies - Part 2-721: Test methods for materials for interconnection structures - Measurement of relative permittivity and loss tangent for copper clad laminate at microwave frequency using a split post dielectric resonator",
    organization = "IEC",
    institution  = "TC91",
    number       = "61189-2-721:2015",
    year         = "2016",
    month        = "3"
}

@article{kent1996,
  title={Nondestructive permittivity measurement of substrates},
  author={Kent, Gordon},
  journal={IEEE Transactions on Instrumentation and Measurement},
  volume={45},
  number={1},
  pages={102--106},
  year={1996},
  publisher={IEEE}
}

@article{kent1996gap,
  title={The gap correction for the resonant-mode dielectrometer},
  author={Kent, Gordon and Bell, Steven M},
  journal={IEEE transactions on instrumentation and measurement},
  volume={45},
  number={1},
  pages={98--101},
  year={1996},
  publisher={IEEE}
}

@article{janezic1999,
  title={Full-wave analysis of a split-cylinder resonator for nondestructive permittivity measurements},
  author={Janezic, Michael D and Baker-Jarvis, James},
  journal={IEEE Transactions on Microwave Theory and Techniques},
  volume={47},
  number={10},
  pages={2014--2020},
  year={1999},
  publisher={IEEE}
}

@inproceedings{janezicarz,
  title={Improved permittivity measurement of dielectric substrates by use of the {TE111} mode of a split-cylinder cavity},
  author={Janezic, Michael D and Arz, Uwe and Begley, Shelley and Bartley, Phil},
  booktitle={Microwave Measurement Conference, 2009 73rd ARFTG},
  pages={1--3},
  year={2009},
  organization={IEEE}
}

@article{zinal,
  title={An extended mode-matching model for improved relative permittivity measurements using a split-cylinder resonator},
  author={Zinal, S and Arz, U},
  journal={Advances in Radio Science: ARS},
  volume={12},
  pages={267},
  year={2014},
  publisher={Copernicus GmbH}
}

@inproceedings{villaroya1,
  title={Full-wave circuit analysis of a split-cylinder cavity},
  author={Marqu{\'e}s-Villarroya, David and Pe{\~n}aranda-Foix, Felipe and Garc{\'\i}a-Ba{\~n}os, Beatriz and Catal{\'a}-Civera, Jos{\'e} M and Guti{\'e}rrez-Cano, Jos{\'e} D},
  booktitle={Microwave Symposium (IMS), 2016 IEEE MTT-S International},
  pages={1--4},
  year={2016},
  organization={IEEE}
}

@article{villaroya2,
  title={Enhanced Full-Wave Circuit Analysis for Modeling of a Split Cylinder Resonator},
  author={Marqu{\'e}s-Villarroya, David and Pe{\~n}aranda-Foix, Felipe L and Garc{\'\i}a-Ba{\~n}os, Beatriz and Catal{\'a}-Civera, Jos{\'e} M and Guti{\'e}rrez-Cano, Jos{\'e} D},
  journal={IEEE Transactions on Microwave Theory and Techniques},
  year={2017},
  publisher={IEEE}
}

@techreport {keysightSC,
	institution = "Keysight Technologies",
    title  = "{85072A 10-GHz Split Cylinder Resonator}",
    type        = "Technical Overview"
}

@article{guillon,
  title={Complex permittivity measurement of {MIC} substrate},
  author={Guillon, P and Garault, Y},
  journal={Archiv Elektronik und Uebertragungstechnik},
  volume={35},
  pages={102--104},
  year={1981}
}

@inproceedings{kobayashi,
  title={Improved cavity resonance method for nondestructive measurement of complex permittivity of dielectric plate},
  author={Kobayashi, Y and Sato, J},
  booktitle={Precision Electromagn. Meas. Conf. Dig.},
  pages={147--148},
  year={1988}
}

@book{ramo,
  title={Fields and Waves in Communication Electronics},
  author={Ramo, S. and Whinnery, J.R. and Van Duzer, T.},
  isbn={9780471585510},
  lccn={93034415},
  year={1994},
  publisher={Wiley}
}


@STANDARD {ipcSC,
	title        = "Relative Permittivity and Loss Tangent Using a Split-Cylinder Resonator",
	organization = "IPC - Association Connecting Electronics Industries",
	institution  = "High Frequency Resonator Test Method Task Group (D-24c)",
	type         = "TM-650 Test Methods Manual",
	number       = "2.5.5.13",
	year         = "2007",
	month        = "January"
}

@STANDARD {iecSC,
    title        = "Cavity resonator method to measure the complex permittivity of low-loss dielectric plates",
    organization = "IEC",
    institution  = "SC46F",
    number       = "62562:2011",
    year         = "2011",
    month        = "10"
}

@article{kobayashistandard,
  title={Standardization of measurement methods of low-loss dielectrics and high-temp\-er\-a\-ture superconducting films},
  author={Kobayashi, Yoshio},
  journal={IEICE transactions on electronics},
  volume={87},
  number={5},
  pages={652--656},
  year={2004},
  publisher={The Institute of Electronics, Information and Communication Engineers}
}

@article{nishikawa,
  title={Precise measurement method for complex permittivity of microwave substrate},
  author={Nishikawa, Toshio and Wakino, Kikuo and Tanaka, Hiroaki and Ishikawa, Youhei},
  journal={CPEM'88},
  pages={154--155},
  year={1988}
}

@article{dellaballe,
  title={Local complex permittivity measurement of {MIC} substrates},
  author={Delaballe, J and Guillon, P and Garault, Y},
  journal={AEU-Archiv fur Elektronik und Ubertragungstechnik-International Journal of Electronics and Communications},
  volume={35},
  number={2},
  pages={80--83},
  year={1981},
  publisher={S HIRZEL VERLAG POSTFACH 10 10 61, D-70 009 STUTTGART, GERMANY}
}
@inproceedings{krupkaSPDR,
  title={Application of the {TE 01$\delta$} mode dielectric resonator for the complex permittivity measurements of semiconductors},
  author={Krupka, J and Maj, S},
  booktitle={CPEM'86},
  pages={154--155},
  year={1986}
}

@book{ginzton,
  title={Microwave measurements},
  author={Ginzton, E.L.},
  lccn={56013393},
  series={International series in pure and applied physics},
  year={1957},
  publisher={McGraw-Hill}
}

@book{kajfezq,
  title={Q Factor},
  author={Kajfez, D.},
  isbn={9780930071066},
  lccn={93091069},
  year={1994},
  publisher={Vector Fields}
}

@article{arndt,
  title={Fast CAD and Optimization of Waveguide Components and Aperture Antennas by Hybrid {MM/\-FE/\-MoM/\-FD} -- Methods—\-State-\-of-\-the-\-Art and Recent Advances},
  author={Arndt, Fritz and Brandt, J and Catina, V and Ritter, J and Rull\-husen, I and Dauels\-berg, J and Hilge\-fort, U and Wessel, W},
  journal={IEEE Transactions on Microwave Theory and Techniques},
  volume={52},
  number={1},
  pages={292--305},
  year={2004},
  publisher={IEEE}
}

@article{wexler,
  title={Solution of waveguide discontinuities by modal analysis},
  author={Wexler, Alvin},
  journal={IEEE Transactions on Microwave Theory and Techniques},
  volume={15},
  number={9},
  pages={508--517},
  year={1967},
  publisher={IEEE}
}

@inproceedings{clarricoats,
  title={Numerical solution of waveguide-discontinuity problems},
  author={Clarricoats, PJB and Slinn, KR},
  booktitle={Proceedings of the Institution of Electrical Engineers},
  volume={114},
  number={7},
  pages={878--886},
  year={1967},
  organization={IET}
}

@book{sorrentino,
  title={Microwave and RF Engineering},
  author={Sorrentino, R. and Bianchi, G.},
  isbn={9780470660218},
  lccn={2009051049},
  series={Microwave and Optical Engineering},
  year={2010},
  publisher={Wiley}
}
@article{phillips,
  title={The permittivity of air at a wavelength of 10 centimeters},
  author={Phillips, W ERIC},
  journal={Proceedings of the IRE},
  volume={38},
  number={7},
  pages={786--790},
  year={1950},
  publisher={IEEE}
}

@book{collin,
  title={Foundations for Microwave Engineering},
  author={Collin, R.E.},
  isbn={9780780360310},
  lccn={00053874},
  series={IEEE Press Series on Electromagnetic Wave Theory},
  year={2001},
  publisher={Wiley}
}
@book{collinFT,
  title={Field Theory of Guided Waves},
  author={Collin, R.E.},
  isbn={9780198592136},
  lccn={90042254},
  series={IEEE/OUP series on electromagnetic wave theory},
  year={1991},
  publisher={IEEE Press}
}

@book{golub,
  title={Matrix Computations},
  author={Golub, G.H. and Van Loan, C.F.},
  isbn={9781421407944},
  lccn={2012943449},
  series={Johns Hopkins Studies in the Mathematical Sciences},
  year={2013},
  publisher={Johns Hopkins University Press}
}

@inproceedings{ermert,
  title={Accurate Measurement of Complex Permittivity of Low-Loss {MIC} Substrate Slabs},
  author={Ermert, Helmut},
  booktitle={Microwave Conference, 1973. 3rd European},
  volume={2},
  pages={1--4},
  year={1973},
  organization={IEEE}
}

@article{ilinski,
  title={Investigation of infinite-dimensional systems of linear algebraic equations of the second kind in waveguide diffraction problems},
  author={Il'inskii, AS and Fomenko, E Yu},
  journal={Computational Mathematics and Mathematical Physics},
  volume={31},
  number={3},
  pages={1--11},
  year={1992},
  publisher={Pergamon Press, Inc.}
}

@book{itoh,
  title={Numerical Techniques for Microwave and Millimeter-Wave Passive Structures},
  author={Itoh, T.},
  isbn={9780471625636},
  lccn={lc88028620},
  year={1989},
  publisher={Wiley}
}

@book{mittra,
  title={Analytical techniques in the theory of guided waves},
  author={Mittra, R. and Lee, S.W.},
  lccn={70116784},
  series={Macmillan series in electrical science},
  year={1971},
  publisher={Macmillan}
}

@article{leroy,
  title={On the convergence of numerical results in modal analysis},
  author={Leroy, M},
  journal={IEEE transactions on antennas and propagation},
  volume={31},
  number={4},
  pages={655--659},
  year={1983},
  publisher={IEEE}
}

@book{GUM,
  title={Guide to the expression of uncertainty in measurement},
  author={Bureau International des Poids et Mesures and Commission {\'e}lectrotechnique internationale and Organisation internationale de normalisation},
  year={1995},
  publisher={International Organization for Standardization}
}

@BOOK {UKAS,
    author    = "United Kingdom Accreditation Service",
    title     = "M3003 - The Expression of Uncertainty and Confidence in Measurement",
    publisher = "United Kingdom Accreditation Service",
    year      = "2012",
    edition   = "third"
}

@book{hughes,
  title={Measurements and their Uncertainties: A practical guide to modern error analysis},
  author={Hughes, I. and Hase, T.},
  isbn={9780199566334},
  lccn={2010281028},
  year={2010},
  publisher={OUP Oxford}
}

@book{taylor,
  title={Introduction To Error Analysis: The Study of Uncertainties in Physical Measurements},
  author={Taylor, J.R.},
  isbn={9780935702750},
  lccn={81051269},
  series={A series of books in physics},
  year={1997},
  publisher={University Science Books}
}

@article{riddle,
  title={Complex permittivity measurements of common plastics over variable temperatures},
  author={Riddle, Bill and Baker-Jarvis, James and Krupka, Jerzy},
  journal={IEEE Transactions on microwave theory and techniques},
  volume={51},
  number={3},
  pages={727--733},
  year={2003},
  publisher={IEEE}
}


